<record><leader>00000cas a22000007a 4500</leader><controlfield tag="001">18046926</controlfield><controlfield tag="008">880607d19661967ohuwr ne      0    0eng d</controlfield><datafield ind1=" " ind2=" " tag="010"><subfield code="a">sn 88078608 </subfield></datafield><datafield ind1=" " ind2=" " tag="040"><subfield code="a">ONP</subfield><subfield code="b">eng</subfield><subfield code="c">ONP</subfield><subfield code="d">OCLCQ</subfield></datafield><datafield ind1=" " ind2=" " tag="042"><subfield code="a">msc</subfield></datafield><datafield ind1="0" ind2="0" tag="245"><subfield code="a">Western Reserve sentinel.</subfield></datafield><datafield ind1=" " ind2=" " tag="260"><subfield code="a">Warren, Ohio :</subfield><subfield code="b">[s.n.]</subfield></datafield><datafield ind1=" " ind2=" " tag="300"><subfield code="a">v.</subfield></datafield><datafield ind1=" " ind2=" " tag="310"><subfield code="a">Weekly</subfield></datafield><datafield ind1="1" ind2=" " tag="362"><subfield code="a">Began in 1966; ceased in 1967?</subfield></datafield><datafield ind1=" " ind2=" " tag="588"><subfield code="a">Description based on: 124th year, no. 16 (Feb. 23, 1967).</subfield></datafield><datafield ind1=" " ind2="4" tag="651"><subfield code="a">Warren (Ohio)</subfield><subfield code="v">Newspapers.</subfield></datafield><datafield ind1=" " ind2="4" tag="651"><subfield code="a">Trumbull County (Ohio)</subfield><subfield code="v">Newspapers.</subfield></datafield><datafield ind1=" " ind2=" " tag="752"><subfield code="a">United States</subfield><subfield code="b">Ohio</subfield><subfield code="c">Trumbull</subfield><subfield code="d">Warren.</subfield></datafield><datafield ind1="0" ind2="0" tag="780"><subfield code="t">Western Reserve Democrat (Warren, Ohio : 1883)</subfield><subfield code="w">(DLC)sn 84028396</subfield></datafield><datafield ind1="0" ind2="0" tag="785"><subfield code="t">Western Reserve Democrat (Warren, Ohio : 1967)</subfield><subfield code="w">(DLC)sn 88078595</subfield></datafield><datafield ind1="1" ind2=" " tag="029"><subfield code="a">AU@</subfield><subfield code="b">000020524191</subfield></datafield></record>